<?xml version="1.0" encoding="UTF-8"?>
  <record xmlns="http://www.loc.gov/MARC21/slim" type="Authority">
    <leader>00000nz  a2200000nc 4500</leader>
    <controlfield tag="001">118632922</controlfield>
    <controlfield tag="003">DE-101</controlfield>
    <controlfield tag="005">20220604103252.0</controlfield>
    <controlfield tag="008">880701n||azznnaabn           | aaa    |c</controlfield>
    <datafield tag="024" ind1="7" ind2=" ">
      <subfield code="a">118632922</subfield>
      <subfield code="0">http://d-nb.info/gnd/118632922</subfield>
      <subfield code="2">gnd</subfield>
    </datafield>
    <datafield tag="035" ind1=" " ind2=" ">
      <subfield code="a">(DE-101)118632922</subfield>
    </datafield>
    <datafield tag="035" ind1=" " ind2=" ">
      <subfield code="a">(DE-588)118632922</subfield>
    </datafield>
    <datafield tag="035" ind1=" " ind2=" ">
      <subfield code="z">(DE-588)1136329919</subfield>
    </datafield>
    <datafield tag="035" ind1=" " ind2=" ">
      <subfield code="z">(DE-588a)118632922</subfield>
      <subfield code="9">v:zg</subfield>
    </datafield>
    <datafield tag="035" ind1=" " ind2=" ">
      <subfield code="z">(DE-588c)4066144-1</subfield>
      <subfield code="9">v:zg</subfield>
    </datafield>
    <datafield tag="040" ind1=" " ind2=" ">
      <subfield code="a">DE-101</subfield>
      <subfield code="c">DE-101</subfield>
      <subfield code="9">r:DE-101</subfield>
      <subfield code="b">ger</subfield>
      <subfield code="d">1210</subfield>
      <subfield code="e">rda</subfield>
    </datafield>
    <datafield tag="042" ind1=" " ind2=" ">
      <subfield code="a">gnd1</subfield>
    </datafield>
    <datafield tag="043" ind1=" " ind2=" ">
      <subfield code="c">XA-DE</subfield>
    </datafield>
    <datafield tag="065" ind1=" " ind2=" ">
      <subfield code="a">16.5p</subfield>
      <subfield code="2">sswd</subfield>
    </datafield>
    <datafield tag="075" ind1=" " ind2=" ">
      <subfield code="b">p</subfield>
      <subfield code="2">gndgen</subfield>
    </datafield>
    <datafield tag="075" ind1=" " ind2=" ">
      <subfield code="b">piz</subfield>
      <subfield code="2">gndspec</subfield>
    </datafield>
    <datafield tag="079" ind1=" " ind2=" ">
      <subfield code="a">g</subfield>
      <subfield code="q">s</subfield>
      <subfield code="q">a</subfield>
      <subfield code="q">f</subfield>
      <subfield code="q">z</subfield>
      <subfield code="q">h</subfield>
      <subfield code="u">w</subfield>
      <subfield code="u">k</subfield>
      <subfield code="u">h</subfield>
    </datafield>
    <datafield tag="100" ind1="0" ind2=" ">
      <subfield code="a">Wilhelm</subfield>
      <subfield code="b">IV.</subfield>
      <subfield code="c">Hessen-Kassel, Landgraf</subfield>
      <subfield code="d">1532-1592</subfield>
    </datafield>
    <datafield tag="375" ind1=" " ind2=" ">
      <subfield code="a">1</subfield>
      <subfield code="2">iso5218</subfield>
    </datafield>
    <datafield tag="400" ind1="0" ind2=" ">
      <subfield code="a">Wilhelm</subfield>
      <subfield code="b">IV.</subfield>
      <subfield code="c">Hessen, Landgraf</subfield>
      <subfield code="d">1532-1592</subfield>
    </datafield>
    <datafield tag="400" ind1="0" ind2=" ">
      <subfield code="a">Wilhelm</subfield>
      <subfield code="c">Hessen, Landgraf</subfield>
      <subfield code="d">1532-1592</subfield>
    </datafield>
    <datafield tag="400" ind1="0" ind2=" ">
      <subfield code="a">Wilhelmus</subfield>
      <subfield code="b">IV.</subfield>
      <subfield code="c">Hassia, Landgravius</subfield>
      <subfield code="d">1532-1592</subfield>
    </datafield>
    <datafield tag="400" ind1="0" ind2=" ">
      <subfield code="a">Willelmus</subfield>
      <subfield code="b">IV.</subfield>
      <subfield code="c">Hassia, Landgravius</subfield>
      <subfield code="d">1532-1592</subfield>
    </datafield>
    <datafield tag="400" ind1="0" ind2=" ">
      <subfield code="a">Guilielmus</subfield>
      <subfield code="b">IV.</subfield>
      <subfield code="c">Hassia, Landgravius</subfield>
      <subfield code="d">1532-1592</subfield>
    </datafield>
    <datafield tag="400" ind1="0" ind2=" ">
      <subfield code="a">Gulielmus</subfield>
      <subfield code="b">IV.</subfield>
      <subfield code="c">Hassia, Landgravius</subfield>
      <subfield code="d">1532-1592</subfield>
    </datafield>
    <datafield tag="400" ind1="0" ind2=" ">
      <subfield code="a">Wilhelm</subfield>
      <subfield code="c">der Weise</subfield>
      <subfield code="d">1532-1592</subfield>
    </datafield>
    <datafield tag="400" ind1="0" ind2=" ">
      <subfield code="9">L:fre</subfield>
      <subfield code="a">Wilhelm</subfield>
      <subfield code="b">IV</subfield>
      <subfield code="c">Landgrave de Hessen</subfield>
      <subfield code="d">1532-1592</subfield>
      <subfield code="5">CH-GND</subfield>
    </datafield>
    <datafield tag="400" ind1="0" ind2=" ">
      <subfield code="9">L:eng</subfield>
      <subfield code="a">Wilhelm</subfield>
      <subfield code="b">IV</subfield>
      <subfield code="c">Landgrave of Hessen</subfield>
      <subfield code="d">1532-1592</subfield>
      <subfield code="5">CH-GND</subfield>
    </datafield>
    <datafield tag="400" ind1="0" ind2=" ">
      <subfield code="a">Wilhelm</subfield>
      <subfield code="b">IV</subfield>
      <subfield code="c">Landgraf von Hessen-Cassel</subfield>
      <subfield code="d">1532-1592</subfield>
    </datafield>
    <datafield tag="400" ind1="0" ind2=" ">
      <subfield code="a">Wilhelm</subfield>
      <subfield code="b">IV</subfield>
      <subfield code="c">Landgrave de Hessen-Cassel</subfield>
      <subfield code="d">1532-1592</subfield>
    </datafield>
    <datafield tag="400" ind1="0" ind2=" ">
      <subfield code="a">Wilhelm</subfield>
      <subfield code="b">IV</subfield>
      <subfield code="c">Landgrave of Hessen-Cassel</subfield>
      <subfield code="d">1532-1592</subfield>
    </datafield>
    <datafield tag="400" ind1="0" ind2=" ">
      <subfield code="a">Wilhelm</subfield>
      <subfield code="b">IV</subfield>
      <subfield code="c">Landgraf von Hessen</subfield>
      <subfield code="d">1532-1592</subfield>
    </datafield>
    <datafield tag="400" ind1="0" ind2=" ">
      <subfield code="a">Wilhelm</subfield>
      <subfield code="b">IV</subfield>
      <subfield code="c">Landgraf von Hessen-Kassel</subfield>
      <subfield code="d">1532-1592</subfield>
    </datafield>
    <datafield tag="500" ind1="0" ind2=" ">
      <subfield code="0">(DE-101)11858412X</subfield>
      <subfield code="0">(DE-588)11858412X</subfield>
      <subfield code="0">https://d-nb.info/gnd/11858412X</subfield>
      <subfield code="a">Moritz</subfield>
      <subfield code="c">Hessen-Kassel, Landgraf, 1572-1632</subfield>
      <subfield code="d">1572-1632</subfield>
      <subfield code="4">bezf</subfield>
      <subfield code="4">https://d-nb.info/standards/elementset/gnd#familialRelationship</subfield>
      <subfield code="w">r</subfield>
      <subfield code="i">Beziehung familiaer</subfield>
      <subfield code="e">Beziehung familiaer</subfield>
      <subfield code="9">v:Sohn</subfield>
    </datafield>
    <datafield tag="500" ind1="0" ind2=" ">
      <subfield code="0">(DE-101)120826011</subfield>
      <subfield code="0">(DE-588)120826011</subfield>
      <subfield code="0">https://d-nb.info/gnd/120826011</subfield>
      <subfield code="a">Hedwig</subfield>
      <subfield code="c">Schaumburg, Fürstin</subfield>
      <subfield code="d">1569-1644</subfield>
      <subfield code="4">bezf</subfield>
      <subfield code="4">https://d-nb.info/standards/elementset/gnd#familialRelationship</subfield>
      <subfield code="w">r</subfield>
      <subfield code="i">Beziehung familiaer</subfield>
      <subfield code="e">Beziehung familiaer</subfield>
      <subfield code="9">v:Tochter</subfield>
    </datafield>
    <datafield tag="500" ind1="0" ind2=" ">
      <subfield code="0">(DE-101)120183072</subfield>
      <subfield code="0">(DE-588)120183072</subfield>
      <subfield code="0">https://d-nb.info/gnd/120183072</subfield>
      <subfield code="a">Christine</subfield>
      <subfield code="c">Sachsen-Eisenach, Herzogin</subfield>
      <subfield code="d">1578-1658</subfield>
      <subfield code="4">bezf</subfield>
      <subfield code="4">https://d-nb.info/standards/elementset/gnd#familialRelationship</subfield>
      <subfield code="w">r</subfield>
      <subfield code="i">Beziehung familiaer</subfield>
      <subfield code="e">Beziehung familiaer</subfield>
      <subfield code="9">v:Tochter</subfield>
    </datafield>
    <datafield tag="500" ind1="0" ind2=" ">
      <subfield code="0">(DE-101)141678305</subfield>
      <subfield code="0">(DE-588)141678305</subfield>
      <subfield code="0">https://d-nb.info/gnd/141678305</subfield>
      <subfield code="a">Sabine</subfield>
      <subfield code="c">Hessen-Kassel, Landgräfin</subfield>
      <subfield code="d">1549-1581</subfield>
      <subfield code="4">bezf</subfield>
      <subfield code="4">https://d-nb.info/standards/elementset/gnd#familialRelationship</subfield>
      <subfield code="w">r</subfield>
      <subfield code="i">Beziehung familiaer</subfield>
      <subfield code="e">Beziehung familiaer</subfield>
      <subfield code="9">v:Ehefrau</subfield>
    </datafield>
    <datafield tag="548" ind1=" " ind2=" ">
      <subfield code="a">1532-1592</subfield>
      <subfield code="4">datl</subfield>
      <subfield code="4">https://d-nb.info/standards/elementset/gnd#dateOfBirthAndDeath</subfield>
      <subfield code="w">r</subfield>
      <subfield code="i">Lebensdaten</subfield>
    </datafield>
    <datafield tag="667" ind1=" " ind2=" ">
      <subfield code="a">12</subfield>
    </datafield>
    <datafield tag="667" ind1=" " ind2=" ">
      <subfield code="a">384</subfield>
    </datafield>
    <datafield tag="667" ind1=" " ind2=" ">
      <subfield code="a">7</subfield>
    </datafield>
    <datafield tag="667" ind1=" " ind2=" ">
      <subfield code="a">VD-17</subfield>
    </datafield>
    <datafield tag="670" ind1=" " ind2=" ">
      <subfield code="a">Europ. Stammtafeln I,98</subfield>
    </datafield>
    <datafield tag="670" ind1=" " ind2=" ">
      <subfield code="a">Schmidt-Herrling, Eleonore: Die Briefsammlung des Nürnberger Arztes Christoph Jacob Trew (1695-1769) in der Universitätsbibliothek Erlangen</subfield>
    </datafield>
    <datafield tag="670" ind1=" " ind2=" ">
      <subfield code="a">ADB</subfield>
      <subfield code="u">https://www.deutsche-biographie.de/sfz69143.html#adbcontent</subfield>
    </datafield>
    <datafield tag="670" ind1=" " ind2=" ">
      <subfield code="a">Wikipedia</subfield>
      <subfield code="u">https://de.wikipedia.org/wiki/Wilhelm_IV._(Hessen-Kassel)</subfield>
    </datafield>
    <datafield tag="672" ind1=" " ind2="0">
      <subfield code="a">Copia Schriftlicher Glaubensbekandtnuß Weyl H. H. Wilhelms Landgr. zu Hessen geschriben an Johann Casimirum Pfalzg. b. Rhein</subfield>
      <subfield code="f">1611</subfield>
    </datafield>
    <datafield tag="672" ind1=" " ind2="0">
      <subfield code="a">Copey, wie Landtgrave Wilhelm zu Hessen sich gegen der keiserlichen Maiestat verwaret</subfield>
      <subfield code="f">1552</subfield>
    </datafield>
    <datafield tag="672" ind1=" " ind2="0">
      <subfield code="a">Gerichts Ordnung ...</subfield>
      <subfield code="f">1557</subfield>
    </datafield>
    <datafield tag="672" ind1=" " ind2="0">
      <subfield code="a">Ordnung, darnach sich sowol in Exigir- und nehm- alß auch in gebung zulässiger accidentalien ... zu halten</subfield>
      <subfield code="f">1656</subfield>
    </datafield>
    <datafield tag="672" ind1=" " ind2="0">
      <subfield code="a">Fewer Ordnung ...</subfield>
      <subfield code="f">1613</subfield>
    </datafield>
    <datafield tag="672" ind1=" " ind2="0">
      <subfield code="a">Ordnung und Reformation ..., wie es nicht allein im Kirchen Regiment von uns. Visitatore und Praedicanten mit d. Lehr, jrem Leben und Wandel, Visitation d. Pfarren, annemunge ... der Praedicanten, übunge des Catechismi ... sondern auch zu abschaffung allerh. Aberglaubens, auch beförd. Christl. Zucht ... gehalten werden soll</subfield>
      <subfield code="f">1572</subfield>
    </datafield>
    <datafield tag="672" ind1=" " ind2="0">
      <subfield code="a">Rechtsordnung und Reformation, m. allerhand nutzlichen und nötigen, dieser Rechtsordnung biß anhero niemals beygefügten Edicten und geheimen bevelhen jetzo auff new außgangen</subfield>
      <subfield code="f">1582</subfield>
    </datafield>
    <datafield tag="672" ind1=" " ind2="0">
      <subfield code="a">Mitverf. von: Moritz &lt;Sachsen, Kurfürst&gt;: Wir überschicken hie neben Euch unser außschreiben, warumb wir dem hailigen Reich, Teuscher Nation, zu gutem auch desselben aufnemen und wohlfart, uns in diese Kriegßrüstunge und übunge begeben</subfield>
      <subfield code="f">1552</subfield>
    </datafield>
    <datafield tag="678" ind1=" " ind2=" ">
      <subfield code="b">Begründer der Linie Hessen-Kassel; erster Sohn Philipps I. des Großmütigen, vertrat den Vater 1547-1552 während dessen Gefangenschaft; Landgraf, regierte seit 1567 zu Kassel</subfield>
    </datafield>
    <datafield tag="700" ind1="0" ind2="7">
      <subfield code="a">Wilhelm</subfield>
      <subfield code="c">IV, Landgrave of Hesse</subfield>
      <subfield code="d">1532-1592</subfield>
      <subfield code="0">(DLC)n  78041557</subfield>
      <subfield code="2">naf</subfield>
      <subfield code="9">v:1532-1592.</subfield>
    </datafield>
    <datafield tag="913" ind1=" " ind2=" ">
      <subfield code="S">pnd</subfield>
      <subfield code="i">5</subfield>
      <subfield code="a">Wilhelm &lt;Hessen-Kassel, Landgraf, IV.&gt;</subfield>
      <subfield code="0">(DE-588a)118632922</subfield>
    </datafield>
  </record>
